<record><leader>00000cas a22000007a 4500</leader><controlfield tag="001">26868909</controlfield><controlfield tag="008">921027d19571976nmuwr ne      0    0eng d</controlfield><datafield ind1=" " ind2=" " tag="010"><subfield code="a">sn 92070726 </subfield></datafield><datafield ind1=" " ind2=" " tag="040"><subfield code="a">NVM</subfield><subfield code="b">eng</subfield><subfield code="c">NVM</subfield><subfield code="d">OCLCQ</subfield><subfield code="d">OCLCF</subfield><subfield code="d">OCLCO</subfield></datafield><datafield ind1=" " ind2=" " tag="042"><subfield code="a">msc</subfield></datafield><datafield ind1=" " ind2=" " tag="043"><subfield code="a">n-us-nm</subfield></datafield><datafield ind1="0" ind2=" " tag="130"><subfield code="a">Dexter tribune (Dexter, N.M. : 1957)</subfield></datafield><datafield ind1="1" ind2="4" tag="245"><subfield code="a">The Dexter tribune.</subfield></datafield><datafield ind1=" " ind2=" " tag="260"><subfield code="a">Dexter, N.M. :</subfield><subfield code="b">Star-Tribune Pub. Co.</subfield></datafield><datafield ind1=" " ind2=" " tag="300"><subfield code="a">v.</subfield></datafield><datafield ind1=" " ind2=" " tag="310"><subfield code="a">Weekly</subfield></datafield><datafield ind1="1" ind2=" " tag="362"><subfield code="a">Began in 1957.</subfield></datafield><datafield ind1="0" ind2=" " tag="362"><subfield code="a">-v. 19, no. 47 (Apr. 29, 1976).</subfield></datafield><datafield ind1=" " ind2=" " tag="588"><subfield code="a">Description based on: Vol. 1, no. 51 (June 12, 1958).</subfield></datafield><datafield ind1=" " ind2="0" tag="651"><subfield code="a">Dexter (N.M.)</subfield><subfield code="v">Newspapers.</subfield></datafield><datafield ind1=" " ind2="0" tag="651"><subfield code="a">Chaves County (N.M.)</subfield><subfield code="v">Newspapers.</subfield></datafield><datafield ind1=" " ind2="7" tag="655"><subfield code="a">Newspapers.</subfield><subfield code="2">fast</subfield><subfield code="0">(OCoLC)fst01423814</subfield></datafield><datafield ind1=" " ind2="7" tag="651"><subfield code="a">New Mexico</subfield><subfield code="z">Chaves County.</subfield><subfield code="2">fast</subfield><subfield code="0">(OCoLC)fst01210042</subfield></datafield><datafield ind1=" " ind2="7" tag="651"><subfield code="a">New Mexico</subfield><subfield code="z">Dexter.</subfield><subfield code="2">fast</subfield><subfield code="0">(OCoLC)fst01305491</subfield></datafield><datafield ind1=" " ind2=" " tag="752"><subfield code="a">United States</subfield><subfield code="b">New Mexico</subfield><subfield code="c">Chaves</subfield><subfield code="d">Dexter.</subfield></datafield><datafield ind1="0" ind2="7" tag="785"><subfield code="t">Hagerman star</subfield><subfield code="w">(DLC)sn 92070717</subfield></datafield><datafield ind1="0" ind2="7" tag="785"><subfield code="t">Star tribune (Hagerman, N.M. : 1976)</subfield><subfield code="w">(DLC)sn 92070731</subfield></datafield></record>